@article{morse1939minimal,
	AUTHOR = {Morse, Marston and Tompkins, C.},
	TITLE = {The existence of minimal surfaces of general critical types},
	JOURNAL = {Ann. of Math. (2)},
	FJOURNAL = {Annals of Mathematics. Second Series},
	VOLUME = {40},
	YEAR = {1939},
	NUMBER = {2},
	PAGES = {443--472},
	ISSN = {0003-486X},
	MRCLASS = {DML},
	MRNUMBER = {1503471},
	DOI = {10.2307/1968932},
	URL = {https://doi.org/10.2307/1968932},
}